@inproceedings{Holdermans:2010:RMT:1868281.1868283,
 author = {Holdermans, Stefan and Hage, Jurriaan},
 title = {On the r{\^o}le of minimal typing derivations in type-driven program transformation},
 booktitle = {Proceedings of the Tenth Workshop on Language Descriptions, Tools and Applications},
 series = {LDTA '10},
 year = {2010},
 isbn = {978-1-4503-0063-6},
 location = {Paphos, Cyprus},
 pages = {2:1--2:8},
 articleno = {2},
 numpages = {8},
 url = {http://doi.acm.org/10.1145/1868281.1868283},
 doi = {http://doi.acm.org/10.1145/1868281.1868283},
 acmid = {1868283},
 publisher = {ACM},
 address = {New York, NY, USA},
 keywords = {annotated type systems, minimal typing derivations, type-driven program transformation},
}

@inproceedings{Holdermans:2010:MSM:1706356.1706379,
 author = {Holdermans, Stefan and Hage, Jurriaan},
 title = {Making ``stricterness" more relevant},
 booktitle = {Proceedings of the 2010 ACM SIGPLAN workshop on Partial evaluation and program manipulation},
 series = {PEPM '10},
 year = {2010},
 isbn = {978-1-60558-727-1},
 location = {Madrid, Spain},
 pages = {121--130},
 numpages = {10},
 url = {http://doi.acm.org/10.1145/1706356.1706379},
 doi = {http://doi.acm.org/10.1145/1706356.1706379},
 acmid = {1706379},
 publisher = {ACM},
 address = {New York, NY, USA},
 keywords = {explicit strictness annotations, lazy evaluation, relevance typing, strictness analysis},
}